[gd_scene load_steps=7 format=2]

[ext_resource path="res://scenes/gui/ship_hud/hud.gd" type="Script" id=1]
[ext_resource path="res://scenes/gui/ship_hud/shieldbar.tres" type="StyleBox" id=2]
[ext_resource path="res://scenes/gui/ship_hud/barbackground.tres" type="StyleBox" id=3]
[ext_resource path="res://scenes/gui/ship_hud/healthbar.tres" type="StyleBox" id=4]
[ext_resource path="res://scenes/gui/ship_hud/marker_hud.gd" type="Script" id=5]
[ext_resource path="res://scenes/gui/ship_hud/mission_hud.gd" type="Script" id=7]

[node name="hud" type="CanvasLayer"]
pause_mode = 2
layer = 2
script = ExtResource( 1 )
health_bar_path = NodePath("HealthBars/HealthBar")
shield_bar_path = NodePath("HealthBars/ShieldBar")

[node name="HealthBars" type="Control" parent="."]
anchor_top = 1.0
anchor_bottom = 1.0
margin_top = -95.0
margin_right = 40.0
margin_bottom = -55.0
__meta__ = {
"_edit_use_anchors_": false
}

[node name="ShieldBar" type="ProgressBar" parent="HealthBars"]
margin_left = 50.0
margin_right = 300.0
margin_bottom = 22.0
custom_styles/fg = ExtResource( 2 )
custom_styles/bg = ExtResource( 3 )
step = 0.1
value = 100.0
percent_visible = false
__meta__ = {
"_edit_use_anchors_": false
}

[node name="Label" type="Label" parent="HealthBars/ShieldBar"]
margin_left = 350.0
margin_right = 390.0
margin_bottom = 22.0
text = "100%"
align = 1
valign = 1

[node name="HealthBar" type="ProgressBar" parent="HealthBars"]
margin_left = 50.0
margin_top = 18.0
margin_right = 380.0
margin_bottom = 58.0
custom_styles/fg = ExtResource( 4 )
custom_styles/bg = ExtResource( 3 )
step = 0.1
value = 100.0
percent_visible = false

[node name="Label" type="Label" parent="HealthBars/HealthBar"]
margin_left = 370.0
margin_right = 410.0
margin_bottom = 40.0
text = "100%"
align = 1
valign = 1

[node name="center" type="ColorRect" parent="."]
anchor_left = 0.5
anchor_top = 0.5
anchor_right = 0.5
anchor_bottom = 0.5
margin_left = -1.99997
margin_top = -2.0
margin_right = 2.0
margin_bottom = 2.0
color = Color( 1, 0, 0, 1 )
__meta__ = {
"_edit_use_anchors_": false
}

[node name="Reticle" type="Control" parent="."]
anchor_left = 0.5
anchor_top = 0.5
anchor_right = 0.5
anchor_bottom = 0.5
__meta__ = {
"_edit_use_anchors_": false
}

[node name="Reticle" type="ColorRect" parent="Reticle"]
pause_mode = 1
anchor_left = 0.5
anchor_top = 0.5
anchor_right = 0.5
anchor_bottom = 0.5
margin_left = -2.0
margin_top = -2.0
margin_right = 2.0
margin_bottom = 2.0
__meta__ = {
"_edit_use_anchors_": false
}

[node name="Markers" type="Control" parent="."]
margin_right = 40.0
margin_bottom = 40.0
script = ExtResource( 5 )
__meta__ = {
"_edit_use_anchors_": false
}
hostile_color = Color( 1, 0.223529, 0.223529, 1 )
ally_color = Color( 0.00392157, 0.376471, 0.854902, 1 )
objective_color = Color( 0.878431, 0.65098, 0, 1 )

[node name="Dead" type="ColorRect" parent="."]
visible = false
margin_left = 50.0
margin_top = 505.0
margin_right = 460.0
margin_bottom = 564.0
color = Color( 1, 0, 0, 1 )

[node name="Label" type="Label" parent="Dead"]
margin_right = 137.0
margin_bottom = 20.0
rect_scale = Vector2( 3, 3 )
text = "DEAD"
align = 1
valign = 1

[node name="MissionHud" type="Control" parent="."]
margin_left = 20.0
margin_top = 36.0
margin_right = 60.0
margin_bottom = 76.0
script = ExtResource( 7 )
__meta__ = {
"_edit_use_anchors_": false
}

[node name="Description" type="Label" parent="MissionHud"]
margin_right = 149.0
margin_bottom = 14.0
text = "Awaiting Mission Assignement..."

[node name="Objectives" type="VBoxContainer" parent="MissionHud"]
margin_left = 10.0
margin_top = 14.0
margin_right = 50.0
margin_bottom = 54.0
__meta__ = {
"_edit_use_anchors_": false
}
